<?xml version="1.0" encoding="UTF-8" ?>
<collection xmlns:xsi="http://www.w3.org/2001/XMLSchema-instance"
    xsi:schemaLocation="http://www.loc.gov/MARC21/slim
        http://www.loc.gov/standards/marcxml/schema/MARC21slim.xsd"
    xmlns="http://www.loc.gov/MARC21/slim">
<record>
  <leader>00247nam a2200469 i 4500</leader>
  <controlfield tag="001">b18271509</controlfield>
  <controlfield tag="003">LeBAU</controlfield>
  <controlfield tag="005">20140814</controlfield>
  <controlfield tag="008">140814s1934    ua       b    001 0 ara d</controlfield>
  <datafield tag="040" ind1=" " ind2=" ">
    <subfield code="a">LEAUB</subfield>
    <subfield code="b">ara</subfield>
    <subfield code="e">rda</subfield>
    <subfield code="c">LEAUB</subfield>
  </datafield>
  <datafield tag="041" ind1="1" ind2=" ">
    <subfield code="a">ara</subfield>
    <subfield code="a">eng</subfield>
    <subfield code="h">ara</subfield>
  </datafield>
  <datafield tag="082" ind1="0" ind2="4">
    <subfield code="a">297.4</subfield>
    <subfield code="2">23</subfield>
  </datafield>
  <datafield tag="100" ind1="1" ind2=" ">
    <subfield code="6">880-01</subfield>
    <subfield code="a">Niffarī, Muḥammad ibn ʻAbd al-Jabbār,</subfield>
    <subfield code="d">-965,</subfield>
    <subfield code="e">author.</subfield>
  </datafield>
  <datafield tag="245" ind1="1" ind2="0">
    <subfield code="6">880-02</subfield>
    <subfield code="a">Kitāb al-Mawāqif /</subfield>
    <subfield code="c">li-Muḥammad ibn ‘Abd al-Jabbār ibn al-Ḥasan al-Naffarī ; wa-yalīhi Kitāb al-Mukhāṭabāt / la-hu ayḍan ; ṭubi‘at lil-marrah al-ūlá ba‘da muqābalat sab‘ nusakh bi-‘ināyat wa-taṣḥīḥ wa-ihtimām Ārthur Yūḥannā Arbirī, muḥāḍir bi-al-Jāmi‘ah al-Miṣrīyah, zamīl Kullīyat Bimbrūk fī Jāmi‘at Kambridj sābiqan = The Mawaqif and Mukhatabat of Muhammad Ibn ‘Abdi ‘l-Jabbar al-Niffari / edited for the first time, with translation, commentary, and indices by Arthur John Arberry, M. A., assistant keeper of Oriental Books and Manuscripts in the India Office, formerly fellow of Pembroke College, Cambridge.</subfield>
  </datafield>
  <datafield tag="246" ind1="3" ind2="1">
    <subfield code="a">al-Mawāqif</subfield>
  </datafield>
  <datafield tag="246" ind1="3" ind2="0">
    <subfield code="6">880-03</subfield>
    <subfield code="a">المواقف</subfield>
  </datafield>
  <datafield tag="264" ind1=" " ind2="1">
    <subfield code="6">880-04</subfield>
    <subfield code="a">al-Qāhirah :</subfield>
    <subfield code="b">Maṭba‘at Dār al-Kutub al-Miṣrīyah,</subfield>
    <subfield code="c">1934.</subfield>
  </datafield>
  <datafield tag="300" ind1=" " ind2=" ">
    <subfield code="6">880-05</subfield>
    <subfield code="a">d-w, 218, 276, xvii pages ;</subfield>
    <subfield code="c">24 cm</subfield>
  </datafield>
  <datafield tag="336" ind1=" " ind2=" ">
    <subfield code="a">text</subfield>
    <subfield code="b">txt</subfield>
    <subfield code="2">rdacontent</subfield>
  </datafield>
  <datafield tag="337" ind1=" " ind2=" ">
    <subfield code="a">unmediated</subfield>
    <subfield code="b">n</subfield>
    <subfield code="2">rdamedia</subfield>
  </datafield>
  <datafield tag="338" ind1=" " ind2=" ">
    <subfield code="a">volume</subfield>
    <subfield code="b">nc</subfield>
    <subfield code="2">rdacarrier</subfield>
  </datafield>
  <datafield tag="490" ind1="1" ind2=" ">
    <subfield code="a">"E. J.W. Gibb Memorial" Series ;</subfield>
    <subfield code="v">9</subfield>
  </datafield>
  <datafield tag="500" ind1=" " ind2=" ">
    <subfield code="a">"Printed by the Cambridge University Press for the trustees of the "E. J. W. Gibb Memorial" and published by Messers Luzac &amp; Co. 46 Great Russel Street, London, W. C., 1935" --صفحة عنوان إضافية.</subfield>
  </datafield>
  <datafield tag="504" ind1=" " ind2=" ">
    <subfield code="a">يتضمن مراجع ببليوغرافية وكشافات.</subfield>
  </datafield>
  <datafield tag="546" ind1=" " ind2=" ">
    <subfield code="a">النص بالعربية والإنجليزية.</subfield>
  </datafield>
  <datafield tag="650" ind1=" " ind2="4">
    <subfield code="a">التصوف</subfield>
    <subfield code="v">اعمال قديمة حتى 1800.</subfield>
  </datafield>
  <datafield tag="650" ind1=" " ind2="0">
    <subfield code="a">Sufism</subfield>
    <subfield code="x">Early works to 1800.</subfield>
  </datafield>
  <datafield tag="700" ind1="1" ind2=" ">
    <subfield code="6">880-06</subfield>
    <subfield code="a">Arberry, A. J.</subfield>
    <subfield code="q">(Arthur John),</subfield>
    <subfield code="d">1905-1969,</subfield>
    <subfield code="e">Compiler.</subfield>
  </datafield>
  <datafield tag="700" ind1="1" ind2="2">
    <subfield code="6">880-07</subfield>
    <subfield code="a">Niffarī, Muḥammad ibn ʻAbd al-Jabbār,</subfield>
    <subfield code="d">-965.</subfield>
    <subfield code="t">Mukhāṭabāt.</subfield>
  </datafield>
  <datafield tag="830" ind1=" " ind2="0">
    <subfield code="a">"E. J.W. Gibb Memorial" Series ;</subfield>
    <subfield code="v">9.</subfield>
  </datafield>
  <datafield tag="852" ind1=" " ind2=" ">
    <subfield code="a">Jafet Library</subfield>
    <subfield code="e">American University of Beirut, Bliss Street, Beirut, Lebanon.</subfield>
  </datafield>
  <datafield tag="880" ind1="1" ind2=" ">
    <subfield code="6">100-01/(3/r</subfield>
    <subfield code="a">النفري، محمد بن عبد الجبار،</subfield>
    <subfield code="d">-965،</subfield>
    <subfield code="e">مؤلف. </subfield>
    <subfield code="4">aut.</subfield>
  </datafield>
  <datafield tag="880" ind1="1" ind2="0">
    <subfield code="6">245-02/(3/r</subfield>
    <subfield code="a">كتاب المواقف /</subfield>
    <subfield code="c">لمحمد بن عبد الجبار بن الحسن النفري ؛ ويليه كتاب المخاطبات / له أيضاً ؛ طبعت للمرة الأولى بعد مقابلة سبع نسخ بعناية وتصحيح وإهتمام آرثر يوحنا أربري، محاضر بالجامعة المصرية، زميل كلية بمبروك في جامعة كمبردج سابقاً = The Mawaqif and Mukhatabat of Muhammad Ibn ‘Abdi ‘l-Jabbar al-Niffari / edited for the first time, with translation, commentary, and indices by Arthur John Arberry, M. A., assistant keeper of Oriental Books and Manuscripts in the India Office, formerly fellow of Pembroke College, Cambridge.</subfield>
  </datafield>
  <datafield tag="880" ind1="3" ind2="0">
    <subfield code="6">246-03/(3/r</subfield>
    <subfield code="a">Mawaqif and Mukhatabat of Muhammad Ibn ‘Abdi ‘l-Jabbar al-Niffari</subfield>
  </datafield>
  <datafield tag="880" ind1=" " ind2="1">
    <subfield code="6">264-04/(3/r</subfield>
    <subfield code="a">القاهرة :</subfield>
    <subfield code="b">مطبعة دار الكتب المصرية،</subfield>
    <subfield code="c">1934.</subfield>
  </datafield>
  <datafield tag="880" ind1=" " ind2=" ">
    <subfield code="6">300-05/(3/r</subfield>
    <subfield code="a"> د-و، 218، 276، xvii صفحة ؛</subfield>
    <subfield code="c">24 سم.</subfield>
  </datafield>
  <datafield tag="880" ind1="1" ind2=" ">
    <subfield code="6">700-06/(3/r</subfield>
    <subfield code="a">أربري، أ. ج.</subfield>
    <subfield code="q">(أرثر جون،)</subfield>
    <subfield code="d">1905-1969،</subfield>
    <subfield code="e">معد. </subfield>
    <subfield code="4">com.</subfield>
  </datafield>
  <datafield tag="880" ind1="1" ind2="2">
    <subfield code="6">700-07/(3/r</subfield>
    <subfield code="a">النفري، محمد بن عبد الجبار،</subfield>
    <subfield code="d">-965.</subfield>
    <subfield code="t">المخاطبات.</subfield>
  </datafield>
  <datafield tag="907" ind1=" " ind2=" ">
    <subfield code="a">.b18271509</subfield>
    <subfield code="b">15-12-07</subfield>
    <subfield code="c">14-08-14</subfield>
  </datafield>
  <datafield tag="907" ind1=" " ind2=" ">
    <subfield code="a">b18271509</subfield>
  </datafield>
  <datafield tag="945" ind1=" " ind2=" ">
    <subfield code="f">J</subfield>
    <subfield code="a">297.4:N683mA</subfield>
    <subfield code="g">1</subfield>
    <subfield code="i">00505900</subfield>
    <subfield code="j">.i19797333</subfield>
    <subfield code="l">u0503</subfield>
  </datafield>
  <datafield tag="998" ind1=" " ind2=" ">
    <subfield code="a">u05</subfield>
    <subfield code="b">14-08-14</subfield>
    <subfield code="c">m</subfield>
    <subfield code="d">a</subfield>
    <subfield code="e">-</subfield>
    <subfield code="f">mul</subfield>
    <subfield code="g">ua </subfield>
    <subfield code="h">0</subfield>
    <subfield code="i">0</subfield>
  </datafield>
</record>
</collection>
